3304 4316
1242 178 1255 228 r

2 227 11 247 ⁸
63 241 242 357 requim
265 243 354 328 Rex
377 251 518 326 invitus
530 244 581 327 ab
594 271 641 326 eo
654 247 879 342 recederet,
902 257 966 332 cui
977 249 1090 332 bonae
1114 253 1210 365 Legi
1221 174 1290 340 nel

61 367 187 478 gavit
196 355 303 464 suum
323 357 533 440 alfonsum?
554 358 595 440 id
619 358 830 471 oportebat
851 389 892 444 te
915 363 1199 450 demonstrare:
1224 368 1288 455 sed

63 473 496 586 nonpotensrquidem
510 471 701 554 &talibus
713 468 899 556 assensum
911 478 1086 587 praebuit,
1099 509 1192 591 quas
1204 510 1287 563 non
1361 563 1369 572 ,

63 594 198 705 plene
217 585 433 700 probabat,
456 614 500 669 ut
522 588 815 670 Parlamentum
836 594 880 666 in
898 589 1030 671 officio
1052 603 1287 678 continerer.

63 707 160 789 Res
172 699 443 783 notissimaest.
950 791 953 798 ⁴
1308 781 1312 786 ,

137 813 352 898 Secundo:
375 809 826 927 quodinhonesll&petylct”e
837 841 914 893 cum
926 815 1209 929 populoegeritin
1217 824 1286 932 fin

61 934 313 1036 eononott'one,
334 929 434 1009 edens
435 929 734 1040 proclamationem
744 983 756 1022 ,
779 925 1128 1041 quodobpestemtnm
1135 937 1290 1044 sparsam

54 1069 136 1162 per
147 1058 327 1154 Regnum,
349 1041 531 1154 dispenſstre
551 1041 653 1124 vellet
663 1071 739 1124 cum
748 1042 813 1122 illis
835 1041 1011 1151 Equltlbue
1021 1098 1034 1137 ,
1054 1049 1288 1156 quipervetnu

63 1162 466 1242 Statotnmcoronatt'ont'
488 1161 583 1265 Regis
599 1155 750 1267 adstslere
770 1153 994 1252 tenebantur,
1004 1155 1073 1264 sed
1084 1157 1157 1271 post
1170 1180 1290 1270 paucos

64 1301 160 1356 men
171 1300 217 1366 es,
227 1268 372 1377 absonus
381 1267 569 1380 multllffe,
587 1269 633 1363 ό·
653 1267 729 1348 cum
749 1268 800 1349 ile·
807 1271 850 1379 se
867 1268 1084 1379 defenderent
1086 1294 1153 1385 per
1162 1270 1290 1360 lillam

54 1387 395 1502 proclamationem,
418 1381 701 1498 respnffumfiulffe
718 1395 844 1492 Legem
853 1401 949 1465 terro
958 1383 1056 1498 effes
1069 1391 1291 1497 ‚requemvt'e

57 1499 384 1615 proclamationem.
409 1498 515 1581 Tam
525 1522 664 1608 patum
675 1495 784 1636 penfi
795 1496 916 1579 habes
928 1499 1024 1608 quid
1037 1407 1143 1582 geas
1157 1511 1194 1580 δι
1207 1526 1290 1582 ram

68 1618 248 1698 licenter
258 1619 450 1707 mentiris,
462 1637 506 1694 ur
518 1609 589 1694 tibi
601 1637 693 1696 tuto
705 1608 813 1694 credi
823 1638 908 1704 non
920 1611 1046 1726 poffit.
1069 1616 1293 1698 Proclama·

70 1734 201 1812 tionis
212 1726 328 1808 verba
339 1753 539 1840 apponere
563 1724 774 1821 debueras,
797 1754 979 1837 quaerem
998 1725 1158 1812 dubiam
1171 1729 1294 1841 expli·

74 1837 243 1934 callent.
255 1838 453 1944 Etfiquid
465 1842 542 1918 tale
554 1840 779 1946 responsum
789 1837 931 1932 fuller,
941 1841 1050 1947 quod
1062 1868 1197 1926 tamen
1208 1871 1293 1924 non

71 1957 228 2063 liquet,
248 1946 641 2032 hocsanernanifeste‘
653 1946 861 2059 probaret,
885 1951 1039 2056 Regem
1051 1955 1300 2040 retinent'rssi,

73 2093 196 2151 mum
209 2057 317 2176 spille
328 2086 507 2144 veterum
519 2061 685 2172 Legum.
717 2057 793 2140 Sed
806 2083 889 2144 tam
900 2058 1058 2146 stolidus
1072 2089 1136 2155 es,
1155 2091 1294 2152 utnon

74 2175 320 2268 videaslhoc
332 2201 470 2258 contra
482 2171 673 2259 refecere.
1041 2241 1045 2260 .

144 2288 312 2374 Tertio:
331 2288 447 2397 Qud
453 2292 644 2375 mavolt
654 2287 863 2385 Potentes&
876 2284 1120 2402 Commffencs
1129 2283 1296 2384 luditum,

78 2404 289 2526 quibuscum
298 2405 457 2488 anteluca
466 2403 535 2516 sun
555 2400 835 2514 indulgerentur,
858 2399 1010 2515 quandlu
1028 2398 1096 2484 rin
1115 2398 1220 2514 officio
1228 2401 1296 2513 sno

71 2523 332 2642 fingerentur,
353 2517 504 2603 uexilos
513 2515 562 2600 ud
561 2517 726 2632 placitum
722 2518 829 2626 fiuum
828 2519 966 2632 flectit.
996 2516 1165 2600 Nullum
1188 2524 1298 2628 equi-

83 2635 181 2742 dem
193 2635 262 2718 hle
274 2645 425 2718 crimen
436 2631 864 2742 anunadvertetaequus
876 2635 1009 2745 Regiae
1019 2638 1164 2719 mentis
1176 2639 1297 2716 inter-

85 2779 190 2866 pres.
214 2777 307 2832 nam
330 2744 568 2834 hauddubie
593 2749 681 2832 Rex
703 2748 877 2838 intendit
887 2750 975 2832 illos
988 2744 1067 2830 fine
1078 2753 1300 2858 ignominia

85 2869 181 2964 loco
191 2863 258 2946 suo
269 2891 452 2956 mouere,
471 2859 580 2975 quod
592 2859 675 2943 fieri
686 2888 769 2942 non
781 2887 961 2973 poterat,
983 2859 1010 2938 lr
1032 2862 1161 2965 aliqua
1183 2863 1300 2974 culpa

86 2977 178 3094 ipfis
190 2975 413 3078 objicienda
423 2974 537 3060 foret.
569 2973 646 3059 Sed
657 2971 700 3056 tu
712 2971 987 3082 iniquillirnus,
1007 2997 1052 3055 ut
1062 2979 1105 3052 in
1116 2974 1220 3066 aliis,
1242 2981 1299 3055 ita

91 3087 276 3174 &inhoc
298 3087 431 3201 Regiae
442 3094 812 3200 mentisinterpres„
834 3086 877 3171 id
899 3093 954 3174 lta
977 3087 1171 3197 explicas,
1194 3083 1299 3195 quali

90 3207 182 3293 Rex
193 3203 410 3284 intenderit
420 3202 572 3289 Iudices
582 3205 674 3287 loco
696 3223 885 3295 movete,
898 3197 993 3288 clem
1016 3201 1140 3310 Leges
1150 3224 1235 3279 non
1246 3193 1300 3278 se-

92 3317 537 3418 eundumilliusnurum
550 3324 908 3430 interpretoueurur.
939 3317 1075 3424 Atque
1098 3310 1168 3395 hic
1179 3311 1300 3394 rursus

94 3425 402 3538 debaccharis'in
424 3429 574 3516 cerebri
598 3437 655 3513 tui
666 3430 770 3515 male*
789 3431 870 3515 sani
890 3427 1131 3520 monstrum,
1153 3452 1236 3506 non
1258 3435 1301 3507 in

95 3575 273 3634 mentem
290 3547 409 3660 Regis
421 3601 434 3640 ,
447 3573 567 3657 quam
580 3549 699 3629 talem
712 3541 834 3638 fuisse,
845 3570 1063 3654 numquam
1075 3549 1221 3655 poterit
1234 3541 1303 3624 de-

95 3663 318 3746 monstrare.
887 3727 889 3730 -

156 3777 296 3891 Qum
303 3774 630 3894 improbeautem
641 3771 857 3864 bleretiees
863 3768 1073 3890 Regemid
1083 3769 1134 3856 ad
1145 3775 1304 3885 petitio·
1322 3869 1325 3874 Α

1210 3905 1305 3960 nem
1444 3911 1448 3916 ·
