3320 4340
56 219 120 296 cis
136 219 182 292 δι
196 189 1130 322 adhereantiiiitmtmagir'quimpoffibileest,
1145 133 1283 304 &gg
1320 195 1324 202 ’

56 326 262 411 declaret
284 320 431 402 beilum
455 343 594 400 contra
602 318 698 400 tales
721 319 923 430 personas,
945 323 1156 438 poffuntne
1177 359 1284 416 arma

1 451 2 458 ‘
50 463 222 554 »capere
237 460 379 518 contra
390 428 519 544 Ipsum
530 457 575 514 ut
586 428 624 524 se
642 429 879 519 defendant?
902 456 998 522 tunc
1009 468 1148 524 onmes
1160 442 1286 526 rebel.

57 556 201 638 liones
230 575 351 631 erunt
360 545 414 630 sui
436 543 551 659 ipsius
563 541 806 628 defensiones
819 559 1009 639 ,bonomo
1089 556 1286 640 tenuorse

59 665 290 752 submittet
301 665 404 773 legi,
423 685 543 769 atque
555 667 611 744 ita
632 653 852 742 neceffeest
873 659 1001 772 sequi,
1066 677 1150 778 quis
1174 697 1288 752 com.-

58 791 211 865 mittat
222 775 523 891 proditionem,
546 781 602 855 vis
614 801 692 884 qua
704 773 793 858 Rex
815 775 998 858 utitutad
1020 779 1283 866 suiconserva-

60 903 263 984 tionem,
294 914 362 972 aut
376 890 531 972 illorum
545 895 724 999 punitio,
754 915 804 1001 ap
835 885 1015 974 ellabitur
1038 888 1283 978 bellnmcontrt

58 1008 362 1097 Parlante'ntum
385 1028 451 1085 aut
472 998 767 1111 contristabunt,
805 1003 857 1084 ed
880 1029 973 1086 cum
994 1002 1195 1088 ordinaria
1216 1019 1286 1092 via

58 1121 227 1228 justitiae
241 1113 568 1208 obstrudaesunt,
591 1116 679 1199 Rex
690 1124 853 1201 recurrit
872 1114 924 1198 ad
933 1124 1083 1230 regiam
1095 1118 1200 1202 suam
1212 1122 1288 1202 Po-

61 1245 280 1324 tentiam,
312 1241 351 1312 &
376 1230 404 1312 fi
425 1227 629 1313 confiharii
659 1227 773 1341 ipfius
795 1238 839 1312 in
862 1232 932 1315 tali
952 1234 1040 1316 casu
1059 1259 1144 1315 non
1168 1231 1290 1318 effent

61 1341 138 1464 ipii
151 1349 340 1432 nudiores
350 1371 396 1430 ut
406 1343 553 1428 bellum
564 1341 726 1427 inferret
736 1343 923 1448 ejufinodi
933 1345 1290 1460 personis,meritd

62 1463 351 1568 judicarentur
375 1454 449 1543 effe
460 1456 635 1540 infideles
660 1459 882 1571 &improbi
900 1461 1105 1548 consiliam
1118 1495 1128 1544 :
1143 1464 1290 1546 &licet

65 1577 164 1660 Rex
177 1604 271 1660 non
295 1571 537 1690 proposuerit
550 1569 619 1654 fibi
642 1568 789 1656 bellum
801 1629 814 1669 ,
837 1601 922 1658 non
944 1576 1124 1662 obstante
1145 1603 1291 1690 magna
1391 1663 1393 1667 ,

65 1688 351 1805 violentiaipfi
373 1688 528 1782 oblata,
547 1713 593 1786 ut
603 1685 852 1775 manifestum
863 1687 960 1778 fecit
967 1698 1102 1780 multis
1115 1689 1294 1779 testimo·

65 1814 147 1890 niis
169 1817 214 1888 ἃ
228 1804 468 1898 rationibus,
491 1829 626 1888 tamen
643 1804 687 1887 hi
708 1803 894 1892 homines
915 1812 1116 1896 infaciem
1128 1803 1199 1920 ipsr
1222 1834 1289 1890 ex-

65 1917 367 2036 probranthoc
406 1915 602 1998 roditoriis
613 1914 686 1997 suis
697 1926 811 2010 votis,
824 1922 1029 2008 &addunt
1044 1932 1132 2019 (Rex
1129 1917 1290 2029 sedatius
1330 1983 1332 1988 ,

67 2030 115 2111 ab
128 2024 297 2141 improbo
307 1947 526 2137 crudimini.)
541 2023 819 2135 expteffiotam
828 2030 960 2110 odiosa
973 2043 1014 2112 in
1026 2059 1094 2110 ore
1108 2043 1149 2108 bc·
1159 2059 1291 2138 penna
1330 2051 1333 2060 ‘

70 2141 357 2232 subditortun,
379 2160 519 2220 utnon
530 2132 647 2249 possit
670 2129 978 2220 confisterecum
1000 2136 1294 2245 obsequiosifi.

73 2256 250 2340 delita-te
262 2307 275 2348 ,
297 2265 335 2334 δι
359 2246 656 2367 professionibus
677 2246 1031 2365 solicitudinispro
1056 2252 1232 2361 Regnis,
1254 2261 1293 2332 δι

74 2369 333 2484 ptaestatione
355 2364 477 2448 officii
501 2375 541 2446 δι
575 2363 773 2447 fidelitatis
796 2390 886 2477 erga
910 2367 1030 2480 Regis
1094 2362 1269 2448 ersonam
1280 2419 1294 2459 ,

77 2493 135 2568 ita
148 2481 455 2569 contradrdoria
465 2481 622 2562 illorum
635 2479 749 2560 Votis
761 2501 898 2560 utnon
910 2477 1025 2595 possit
1036 2393 1155 2562 fidem
1167 2503 1293 2562 mere·
1329 2519 1337 2530 ·

77 2605 113 2678 ti
127 2630 136 2677 :
152 2594 544 2707 sedfuitexcogitata
567 2593 724 2680 tantum
735 2590 785 2676 ad
811 2593 986 2682 colorem
1008 2593 1178 2711 ipsorum
1200 2595 1291 2677 adis

79 2709 342 2804 addendum,
368 2735 452 2790 non
474 2734 608 2790 autem
628 2735 714 2822 pars
738 2703 793 2790 est
815 2708 985 2824 ipsorum
1009 2707 1208 2824 propositi.
1239 2709 1291 2792 Et

83 2821 185 2903 cum
198 2820 259 2902 ha
270 2822 428 2904 Domus
439 2821 621 2904 constent
632 2847 779 2937 magno
792 2848 957 2906 numero
970 2827 1291 2930 talium‚quine-

82 2960 169 3044 que
184 2959 256 3044 pet
275 2958 428 3015 aetatem
450 2989 462 3026 ,
482 2936 760 3018 educationem
780 2987 793 3027 ,
814 2961 883 3018 aut
904 2939 1133 3043 qualitates,
1157 2934 1292 3016 idonei

83 3047 178 3131 sunt
184 3044 361 3150 judicare
373 3045 423 3128 de
435 3048 617 3142 confiliis,
631 3059 669 3135 δι
682 3045 824 3128 sedudi
834 3045 921 3132 sunt
932 3047 982 3130 ab
994 3044 1182 3160 improbis
1195 3074 1292 3126 con·-

85 3161 235 3243 filiatiis
246 3215 259 3252 ,
272 3157 321 3242 ad
333 3160 647 3272 exprobrandum
660 3163 764 3271 Regi
782 3157 872 3252 suo,
887 3170 926 3241 δε
937 3185 1115 3270 quaetunt
1126 3165 1204 3264 ejus
1216 3167 1292 3241 rui·

85 3299 209 3366 nam,
222 3300 306 3354 non
318 3281 439 3383 magis
452 3273 546 3356 fides
558 3273 646 3388 ipfis
657 3271 843 3356 habenda·
852 3271 906 3357 est
917 3272 1051 3386 quoad
1068 3285 1205 3356 'curam
1217 3300 1292 3384 pro

89 3387 257 3496 Regno,
270 3385 379 3496 quod
388 3385 622 3471 reduxerunt
632 3385 682 3469 ad
705 3385 928 3483 infamiam,
949 3395 1227 3502 impotentiam
1251 3397 1290 3468 δι

89 3501 405 3592 mendicitatem,
417 3497 535 3609 quim
547 3499 679 3610 quoad
690 3501 975 3614 ptaestationem
997 3500 1171 3610 obsequii
1189 3501 1291 3613 Regi

91 3609 313 3722 su0,quem
340 3611 525 3696 omnibus
546 3613 857 3724 imaginabilibus
881 3616 1129 3700 contumeliis
1151 3609 1292 3696 affece-

89 3725 499 3844 runtdeposueruntd
510 3726 993 3924 Regimine,inEcarcetem
1009 3725 1294 3816 concluserunt,

1140 3851 1294 3919 &nunc
