3304 4316
87 293 150 366 Le
163 265 439 386 Roys'adviserq
452 268 650 348 autetiam
663 288 755 346 cum
767 261 911 373 aliquid
924 189 1316 378 improbatrernyznz

81 393 203 479 weulr
217 424 226 470 ε
241 387 368 488 Hujus
382 382 599 494 posterioris
613 392 715 460 corut
726 402 809 456 non
821 377 916 460 facit
927 387 1174 462 mentionem
1188 415 1196 462 ε
1212 393 1316 496 prio·

86 537 184 592 rem
201 497 358 619 phrasin
381 505 747 606 trainterpretatur,
770 491 874 599 quast
888 494 988 604 Regi
1000 520 1155 577 tantum
1178 498 1316 580 liceret
1336 577 1339 584 ,

87 647 267 735 tempus
291 615 439 694 sumere
451 609 511 696 ad¹
525 604 844 698 deliberandum,
868 633 950 684 non
973 633 1103 690 autem
1115 609 1287 695 absolute
1300 668 1312 705 ,

84 762 250 850 negare
263 765 272 811 ε
286 755 376 809 nam
391 728 470 807 hoc
482 726 598 806 vellet
611 737 711 803 Cocus
724 775 736 814 ,
748 720 828 802 hoc
841 719 863 798 ὲ
876 717 1147 818 paramento,
1171 726 1221 807 de
1233 697 1328 838 quo*

86 843 406 966 agimununice*
420 848 651 952 expetitum.

154 962 242 1047 Sed
254 985 468 1065 antequam
491 954 541 1036 ad
554 978 708 1036 caeteras
728 957 897 1034 rationes
909 975 1115 1062 pergamus
1131 952 1314 1046 (suntau.

88 1110 188 1167 tem
203 1085 316 1160 unius
327 1069 408 1152 fere
421 1069 545 1169 modi)
560 1068 629 1150 hic
645 1067 764 1149 veluti
775 1074 817 1145 in
840 1062 973 1146 medio
985 1090 1118 1144 earum
1138 1068 1314 1150 indicari.

87 1199 230 1285 dum,
253 1187 373 1300 quim
385 1182 597 1268 miserehic
621 1197 722 1262 cocus
745 1177 1034 1290 tergiversetur,
1049 1179 1216 1289 &plane
1228 1185 1316 1274 nul-

84 1315 190 1394 lum
214 1325 490 1416 argumentum
502 1294 674 1386 adferat,
697 1295 805 1403 quod
830 1292 1069 1374 demonstret
1080 1293 1234 1406 Regem
1247 1322 1315 1375 oc·

87 1421 304 1508 cafionem
316 1413 420 1494 bello
433 1405 576 1494 dediss'c
588 1434 655 1490 aut
666 1407 761 1488 iliud
773 1404 983 1488 inchotiffe.
1010 1406 1085 1487 Sed
1098 1407 1205 1516 quod
1221 1436 1316 1489 con·
1341 1439 1343 1446 ¹

89 1567 164 1624 tra
177 1531 379 1616 evidenter
402 1526 601 1618 ostendat,
624 1529 770 1633 eosqui
792 1530 834 1600 in
859 1521 1109 1603 Parlamento
1135 1522 1314 1604 domina·

87 1653 262 1741 bantur,
273 1654 314 1726 in
328 1647 442 1758 culpa
454 1637 580 1734 fuiffe,
593 1647 660 1751 qui
666 1647 753 1740 jura
765 1637 885 1749 Regis
899 1663 1070 1720 evertere
1082 1646 1214 1719 conati
1227 1635 1314 1722 srnt.

88 1768 216 1851 Nam
230 1747 1248 1848 &Militia,vocatio&diffolutioParlamentorum‚
1272 1755 1317 1832 n-

92 1883 237 1964 bertas
267 1868 497 1954 affentitndi
521 1892 589 1946 aut
612 1891 696 1941 non
725 1861 955 1942 affentiendi
977 1876 1120 1973 rogatis
1143 1864 1165 1942 ὲ
1188 1867 1315 1946 Parla-

94 2017 249 2081 mento
262 2041 273 2076 ,
286 2010 367 2066 ram
379 2002 488 2061 certo
497 1984 580 2083 jure
592 1972 641 2054 ad
655 1975 809 2079 Regem
821 1978 1041 2080 pertinent,
1062 1969 1242 2054 omnium
1255 1981 1315 2060 Iu.

96 2105 164 2192 ris
186 2109 372 2184 tritorum
385 2102 426 2174 in
439 2090 583 2201 Anglia
605 2085 796 2168 sententia
806 2105 877 2176 ,ut
889 2095 969 2162 Coto
979 2090 1033 2162 im
1065 2083 1315 2171 udentiorem

96 2135 185 2304 essz
207 2229 407 2329 oporteat,
426 2213 494 2318 qui
517 2197 775 2285 contradicat.
805 2112 1159 2308 Agebaturssvua
1172 2197 1315 2309 Regis,

98 2347 148 2417 δι
162 2341 265 2414 inter
277 2324 508 2520 princsqpalia
521 2323 684 2400 crimina
699 2310 1101 2425 ‚quaeobjicebantur,
1114 2336 1195 2392 erat
1207 2313 1314 2422 quod

100 2450 259 2534 bellum
270 2449 376 2525 movi
409 2439 721 2521 etParlamente.
743 2425 1316 2541 hocergococoaccusatotiva-

98 2561 294 2674 lidiffimis
317 2559 662 2670 argumentiserat
674 2544 945 2661 probandum:
969 2542 1033 2625 sed
1045 2549 1130 2653 quis
1155 2570 1238 2621 non
1262 2550 1316 2624 vi.

102 2679 203 2771 det,
226 2677 336 2756 illum
350 2669 493 2751 eodem
507 2663 629 2746 modo
653 2688 790 2775 agere,
814 2688 894 2770 quo
905 2659 970 2739 illa
992 2667 1059 2768 qui
1083 2655 1315 2766 querebatur

100 2787 365 2880 adversarium
389 2785 497 2864 suurn
509 2805 592 2859 non
617 2801 705 2860 toto
722 2801 887 2886 corpore
907 2770 1107 2883 accepisse.
1133 2779 1315 2879 quaerirur

104 2915 219 2991 enim
232 2898 338 2984 haud
350 2896 509 2980 obscure
520 2891 629 3003 quod
642 2894 728 2974 R'ex
741 2887 847 2968 haud
860 2894 1033 2996 potuerit
1044 2910 1155 2992 aequo
1178 2893 1312 2964 animo

102 3021 211 3105 ferre
222 3014 290 3094 srbi
301 3021 435 3092 omnia
441 3017 527 3113 jura
538 3005 599 3086 sua
611 3009 720 3113 eripi.
754 2995 830 3077 Sed
842 3007 927 3105 quis
940 3024 986 3076 ex
998 2995 1102 3076 hisce
1115 3021 1184 3107 per
1195 3001 1313 3077 ullam

104 3133 172 3221 vel
185 3153 328 3212 tortam
341 3121 659 3232 consequentiam
672 3107 916 3204 concluserit3
928 3110 1031 3222 Ergo
1039 3110 1127 3192 Rex
1138 3107 1213 3190 fuir
1225 3135 1314 3190 cau-

105 3245 264 3335 sabelli.
299 3235 375 3322 Sed
387 3263 602 3350 pergamus.
754 3230 759 3238 ’
1352 3291 1355 3298 «

170 3359 440 3470 Qartaratio
453 3355 547 3443 θοάς
571 3351 725 3460 Regem
749 3333 1234 3456 praetendiffepotestrtem
1259 3342 1313 3434 iu-

110 3471 273 3561 dicandi
297 3468 347 3550 de
370 3463 545 3575 Equestri
567 3460 829 3549 conditione,
854 3453 1084 3537 conferendi
1108 3454 1277 3533 honores
1301 3511 1314 3548 ‚

111 3585 273 3677 creandi
284 3585 484 3665 Dominos
494 3603 594 3685 quos
608 3577 724 3656 vellet
738 3583 776 3650 &
789 3596 886 3680 quot
898 3572 1027 3659 vellet,
1040 3564 1214 3677 erigendi
1227 3565 1315 3646 bur-

113 3733 185 3819 gos
200 3713 236 3780 &
251 3698 556 3810 corporationes.
588 3691 722 3797 Atque
732 3685 838 3767 hanc
851 3683 1083 3796 potestatem
1096 3676 1170 3762 effe
1183 3690 1223 3760 in
1236 3683 1316 3760 Re-

114 3845 165 3931 ge
176 3803 500 3930 pernecessarium
512 3803 576 3884 est.
601 3809 791 3913 numquis
815 3797 1040 3908 Principem
1063 3797 1238 3910 respiciat
1249 3816 1317 3871 aut

839 3917 902 4010 (D)
938 3939 955 4014 3
1260 3930 1319 4010 5⁶.-
